<record><leader>00000cas a22000007a 4500</leader><controlfield tag="001">13656412</controlfield><controlfield tag="008">860529d19431945nvudn ne      0    0eng d</controlfield><controlfield tag="009">6540</controlfield><datafield ind1=" " ind2=" " tag="010"><subfield code="a">sn 86076170 </subfield></datafield><datafield ind1=" " ind2=" " tag="040"><subfield code="a">NNX</subfield><subfield code="b">eng</subfield><subfield code="c">NNX</subfield><subfield code="d">DLC</subfield><subfield code="d">OCL</subfield><subfield code="d">OCLCQ</subfield></datafield><datafield ind1=" " ind2=" " tag="019"><subfield code="a">13656393</subfield></datafield><datafield ind1="1" ind2=" " tag="029"><subfield code="a">AU@</subfield><subfield code="b">000025804653</subfield></datafield><datafield ind1=" " ind2=" " tag="042"><subfield code="a">msc</subfield></datafield><datafield ind1="0" ind2=" " tag="130"><subfield code="a">Las Vegas evening review-journal (Las Vegas, Nev. : 1943)</subfield></datafield><datafield ind1="0" ind2="0" tag="245"><subfield code="a">Las Vegas evening review-journal.</subfield></datafield><datafield ind1=" " ind2=" " tag="260"><subfield code="a">Las Vegas, Nev. :</subfield><subfield code="b">F.F. Garside,</subfield><subfield code="c">1943-1945.</subfield></datafield><datafield ind1=" " ind2=" " tag="300"><subfield code="a">3 v. :</subfield><subfield code="b">ill.</subfield></datafield><datafield ind1=" " ind2=" " tag="310"><subfield code="a">Daily (except Sun.)</subfield></datafield><datafield ind1="0" ind2=" " tag="362"><subfield code="a">Vol. 35, no. 289 (Dec. 2, 1943)-v. 37, no. 136 (June 11, 1945).</subfield></datafield><datafield ind1=" " ind2=" " tag="752"><subfield code="a">United States</subfield><subfield code="b">Nevada</subfield><subfield code="c">Clark</subfield><subfield code="d">Las Vegas.</subfield></datafield><datafield ind1="0" ind2="0" tag="780"><subfield code="t">Las Vegas evening review-journal and Boulder City journal (Las Vegas, Nev. : 1941)</subfield><subfield code="w">(DLC)sn 86076169</subfield></datafield><datafield ind1="0" ind2="0" tag="785"><subfield code="t">Las Vegas evening review-journal and Boulder City journal (Las Vegs, Nev. : 1945)</subfield><subfield code="w">(DLC)sn 86076171</subfield></datafield></record>